<?xml version="1.0" encoding="UTF-8"?><collection xmlns="http://www.loc.gov/MARC21/slim"><record><leader>00642nam--2200193-i-4500</leader><controlfield tag="001">000013404</controlfield><controlfield tag="002">20161230</controlfield><controlfield tag="005">20161230201030</controlfield><controlfield tag="008">060222s1000------------r-----000-0-eng-d</controlfield><datafield ind1=" " ind2=" " tag="040"><subfield code="a">IFIN-HH</subfield></datafield><datafield ind1=" " ind2=" " tag="080"><subfield code="a">52-728:539.123(061.3)</subfield></datafield><datafield ind1="1" ind2=" " tag="100"><subfield code="a">Saenz, A.W</subfield></datafield><datafield ind1="1" ind2="0" tag="245"><subfield code="a">Long - distance neutrino detection - 1978 (c.l.cowan memorial symp0sium, catholic university) aip conference proceedings, number 52</subfield><subfield code="c">A.w. saenz, h. uberall (eds.)</subfield></datafield><datafield ind1=" " ind2=" " tag="260"><subfield code="a">New York</subfield><subfield code="b">American Institute Of Physics</subfield><subfield code="c">1979</subfield></datafield><datafield ind1=" " ind2=" " tag="300"><subfield code="a">143P</subfield></datafield><datafield ind1=" " ind2=" " tag="490"><subfield code="a">Aip Conference Proceedings, 52</subfield></datafield><datafield ind1="1" ind2=" " tag="700"><subfield code="a">Uberall, H</subfield><subfield code="e">Ed</subfield></datafield><datafield ind1=" " ind2=" " tag="852"><subfield code="a">37027</subfield><subfield code="c">53</subfield></datafield><datafield ind1=" " ind2=" " tag="CAT"><subfield code="a">Sys</subfield><subfield code="c">20150313</subfield><subfield code="h">133151</subfield></datafield></record></collection>